<?xml version="1.0" encoding="UTF-8"?><collection xmlns="http://www.loc.gov/MARC21/slim"><record><leader>00483nam--2200181-i-4500</leader><controlfield tag="001">000039181</controlfield><controlfield tag="002">20161230</controlfield><controlfield tag="005">20170105181140</controlfield><controlfield tag="008">060222s1000------------r-----000-0-eng-d</controlfield><datafield ind1=" " ind2=" " tag="080"><subfield code="a">517.091</subfield></datafield><datafield ind1=" " ind2=" " tag="100"><subfield code="a">Ritger, Paul D</subfield></datafield><datafield ind1=" " ind2=" " tag="245"><subfield code="a">Differential equatiions with appl</subfield></datafield><datafield ind1=" " ind2=" " tag="260"><subfield code="a">New York</subfield><subfield code="b">Mcgraw-Hill Book Co</subfield><subfield code="c">1968</subfield></datafield><datafield ind1=" " ind2=" " tag="300"><subfield code="a">XIV + 545 p</subfield></datafield><datafield ind1=" " ind2=" " tag="490"><subfield code="a">Int.Series In Pure And Appl.Math</subfield></datafield><datafield ind1=" " ind2=" " tag="700"><subfield code="a">Rose, Nicholas V</subfield></datafield><datafield ind1=" " ind2=" " tag="852"><subfield code="a">32866</subfield><subfield code="c">517.9</subfield></datafield><datafield ind1=" " ind2=" " tag="CAT"><subfield code="a">SYS</subfield><subfield code="c">20170105</subfield><subfield code="h">181140</subfield></datafield></record></collection>